@article{kingma2013auto,
  title={Auto-encoding variational bayes},
  author={Kingma, Diederik P and Welling, Max},
  journal={arXiv preprint arXiv:1312.6114},
  year={2013}
}

@article{blei2017variational,
	title={Variational inference: A review for statisticians},
	author={Blei, David M and Kucukelbir, Alp and McAuliffe, Jon D},
	journal={Journal of the American Statistical Association},
	volume={112},
	number={518},
	pages={859--877},
	year={2017},
	publisher={Taylor \& Francis}
}